@article{neo_scale,
    title={Understanding neo4j scalability},
    author={Montag, David},
    journal={White Paper, Neotechnology},
    year={2013}
}
